<?xml version="1.0" encoding="UTF-8"?><record xmlns="http://www.loc.gov/MARC21/slim" xmlns:cinclude="http://apache.org/cocoon/include/1.0" xmlns:zs="http://www.loc.gov/zing/srw/">
  <leader>00806cz  a2200145n  4500</leader>
  <controlfield tag="001">n  77019837 </controlfield>
  <controlfield tag="003">DLC</controlfield>
  <controlfield tag="005">19951005144341.0</controlfield>
  <controlfield tag="008">780110n| acannaab|          |a ana |||  </controlfield>
  <datafield tag="010" ind1=" " ind2=" ">
    <subfield code="a">n  77019837 </subfield>
    <subfield code="z">no 95004195 </subfield>
  </datafield>
  <datafield tag="040" ind1=" " ind2=" ">
    <subfield code="a">DLC</subfield>
    <subfield code="c">DLC</subfield>
    <subfield code="d">DLC</subfield>
  </datafield>
  <datafield tag="110" ind1="2" ind2="0">
    <subfield code="a">American Institute of Certified Public Accountants.</subfield>
    <subfield code="b">Management Advisory Services Executive Committee</subfield>
  </datafield>
  <datafield tag="510" ind1="2" ind2="0">
    <subfield code="w">a</subfield>
    <subfield code="a">American Institute of Certified Public Accountants.</subfield>
    <subfield code="b">Committee on Management Services</subfield>
  </datafield>
  <datafield tag="670" ind1=" " ind2=" ">
    <subfield code="a">Management advisory services: guideline series, no. 7 (a.e.)</subfield>
    <subfield code="b">cover p. 2 (American Institute of Certified Public Accountants, Management Advisory Services Executive Committee)</subfield>
  </datafield>
  <datafield tag="675" ind1=" " ind2=" ">
    <subfield code="a">Management advisory services: guideline series, no. 1: cover p. 2 (American Institute of Certified Public Accountants, Committee on Management Services)</subfield>
  </datafield>
</record>